@misc{pel1:995,
    author = {PELICANHPC},
    title = {Aissam Hidoussi},
    note = {Online; 17 Novembro de 2019},
    url = {https://www.pelicanhpc.org/download.html }
}


@misc{pel2:996,
  author = {Michael Creel},
  title = {PelicanHPC Tutorial},
  note = {Online; 17 Novembro de 2019},
  url = {https://www.pelicanhpc.org/tutorial/pelicantutorial.html}
}

@misc{pel13:997,
  author = {Andrea Danti},
  title = {Cluster fac√≠limo},
  note = {Online; 17 Novembro de 2019},
  url = {http://www.linuxnewmedia.com.br/images/uploads/pdf_aberto/LM_57_48_53_06_tut_pelican.pdf}
}